<?xml version="1.0" encoding="UTF-8"?>
<marc:collection xmlns="http://www.loc.gov/MARC21/slim" xmlns:marc="http://www.loc.gov/MARC21/slim" xmlns:xsi="http://www.w3.org/2001/XMLSchema-instance" xsi:schemaLocation="http://www.loc.gov/standards/marcxml/schema/MARC21slim.xsd http://www.loc.gov/MARC21/slim">
  <record>
    <leader>00000npcaa2200000 u 4500</leader>
    <controlfield tag="008">190812i1968    xx                  eng d</controlfield>
    <datafield ind1=" " ind2=" " tag="040">
      <subfield code="a">DWP</subfield>
      <subfield code="b">eng</subfield>
      <subfield code="c">DWP</subfield>
      <subfield code="e">dacs</subfield>
    </datafield>
    <datafield ind1="0" ind2="7" tag="041">
      <subfield code="a">eng</subfield>
      <subfield code="2">iso639-2b</subfield>
    </datafield>
    <datafield ind1=" " ind2=" " tag="049">
      <subfield code="a">DWP</subfield>
    </datafield>
    <datafield ind1=" " ind2=" " tag="099">
      <subfield code="a">119</subfield>
    </datafield>
    <datafield ind1="0" ind2="0" tag="245">
      <subfield code="a">Poor People’s Campaign Collection,</subfield>
      <subfield code="f">1968</subfield>
    </datafield>
    <datafield ind1=" " ind2=" " tag="300">
      <subfield code="a">1</subfield>
      <subfield code="f">linear feet; 1 box</subfield>
    </datafield>
    <datafield ind1=" " ind2=" " tag="500">
      <subfield code="a">Location of resource: Note that as of 2017-08-03 box 1 will be off-site for digitization and will therefore be unavailable for research.</subfield>
    </datafield>
    <datafield ind1="2" ind2=" " tag="520">
      <subfield code="a">The contents of this collection include: correspondence, flyers, memorabilia, newsletters, newspaper clippings, newsletters, poems, and songs.</subfield>
    </datafield>
    <datafield ind1=" " ind2=" " tag="546">
      <subfield code="a">English.</subfield>
    </datafield>
    <datafield ind1=" " ind2="7" tag="650">
      <subfield code="a">Civil rights</subfield>
      <subfield code="2">Library of Congress Subject Headings</subfield>
    </datafield>
    <datafield ind1=" " ind2=" " tag="852">
      <subfield code="a">DWP</subfield>
    </datafield>
    <datafield ind1="4" ind2="2" tag="856">
      <subfield code="z">Finding aid online:</subfield>
      <subfield code="u">http://washingtoniana.dclibrary.org</subfield>
    </datafield>
  </record>
</marc:collection>

